[gd_scene load_steps=25 format=2]

[ext_resource path="res://assets/food/rawtomato.png" type="Texture" id=1]
[ext_resource path="res://assets/food/rawpotato.png" type="Texture" id=2]
[ext_resource path="res://assets/food/fries.png" type="Texture" id=3]
[ext_resource path="res://assets/food/choppedlettuce.png" type="Texture" id=4]
[ext_resource path="res://assets/tiles/stove.png" type="Texture" id=5]
[ext_resource path="res://assets/ui/plus.png" type="Texture" id=6]
[ext_resource path="res://assets/ui/equals.png" type="Texture" id=7]
[ext_resource path="res://assets/food/cookedpatty.png" type="Texture" id=8]
[ext_resource path="res://assets/tiles/fryer.png" type="Texture" id=9]
[ext_resource path="res://assets/food/choppedpotato.png" type="Texture" id=10]
[ext_resource path="res://assets/tiles/cuttingboard.png" type="Texture" id=11]
[ext_resource path="res://assets/food/choppedtomato.png" type="Texture" id=12]
[ext_resource path="res://assets/food/cheese.png" type="Texture" id=13]
[ext_resource path="res://assets/food/slicedcheese.png" type="Texture" id=14]
[ext_resource path="res://assets/food/cookednoodles.png" type="Texture" id=15]
[ext_resource path="res://assets/food/fish.png" type="Texture" id=16]
[ext_resource path="res://assets/food/rawpatty.png" type="Texture" id=17]
[ext_resource path="res://assets/food/noodles.png" type="Texture" id=18]
[ext_resource path="res://assets/food/friedfish.png" type="Texture" id=19]
[ext_resource path="res://assets/food/cookedtomatos.png" type="Texture" id=20]
[ext_resource path="res://assets/food/chicken.png" type="Texture" id=21]
[ext_resource path="res://assets/food/balllettuce.png" type="Texture" id=22]
[ext_resource path="res://assets/food/cookedchicken.png" type="Texture" id=23]
[ext_resource path="res://assets/white.png" type="Texture" id=24]

[node name="recipe_list" type="Node2D"]
position = Vector2( -56, -8 )

[node name="rawpotato" type="Sprite" parent="."]
position = Vector2( -16, -32 )
texture = ExtResource( 2 )

[node name="plus" type="Sprite" parent="."]
position = Vector2( 0, -32 )
texture = ExtResource( 6 )

[node name="cuttingboard" type="Sprite" parent="."]
position = Vector2( 16, -32 )
scale = Vector2( 0.5, 0.5 )
texture = ExtResource( 11 )

[node name="cuttingboard2" type="Sprite" parent="."]
position = Vector2( 16, 16 )
scale = Vector2( 0.5, 0.5 )
texture = ExtResource( 11 )

[node name="cuttingboard3" type="Sprite" parent="."]
position = Vector2( 16, 40 )
scale = Vector2( 0.5, 0.5 )
texture = ExtResource( 11 )

[node name="cuttingboard4" type="Sprite" parent="."]
position = Vector2( 108, -32 )
scale = Vector2( 0.5, 0.5 )
texture = ExtResource( 11 )

[node name="equals" type="Sprite" parent="."]
position = Vector2( 32, -32 )
texture = ExtResource( 7 )

[node name="choppedpotato" type="Sprite" parent="."]
position = Vector2( 48, -32 )
texture = ExtResource( 10 )

[node name="choppedpotato2" type="Sprite" parent="."]
position = Vector2( -16, -8 )
texture = ExtResource( 10 )

[node name="plus2" type="Sprite" parent="."]
position = Vector2( 0, -8 )
texture = ExtResource( 6 )

[node name="fryer" type="Sprite" parent="."]
position = Vector2( 16, -8 )
scale = Vector2( 0.5, 0.5 )
texture = ExtResource( 9 )
hframes = 2

[node name="fryer2" type="Sprite" parent="."]
position = Vector2( 108, -8 )
scale = Vector2( 0.5, 0.5 )
texture = ExtResource( 9 )
hframes = 2

[node name="fryer3" type="Sprite" parent="."]
position = Vector2( 108, 64 )
scale = Vector2( 0.5, 0.5 )
texture = ExtResource( 9 )
hframes = 2

[node name="equals2" type="Sprite" parent="."]
position = Vector2( 32, -8 )
texture = ExtResource( 7 )

[node name="fries" type="Sprite" parent="."]
position = Vector2( 48, -8 )
texture = ExtResource( 3 )

[node name="cheese" type="Sprite" parent="."]
position = Vector2( -16, 16 )
scale = Vector2( 0.75, 0.75 )
texture = ExtResource( 13 )

[node name="plus3" type="Sprite" parent="."]
position = Vector2( 0, 16 )
texture = ExtResource( 6 )

[node name="equals3" type="Sprite" parent="."]
position = Vector2( 32, 16 )
texture = ExtResource( 7 )

[node name="slicedcheese" type="Sprite" parent="."]
position = Vector2( 48, 16 )
scale = Vector2( 0.75, 0.75 )
texture = ExtResource( 14 )

[node name="rawtomato" type="Sprite" parent="."]
position = Vector2( -16, 40 )
scale = Vector2( 0.75, 0.75 )
texture = ExtResource( 1 )

[node name="cookedtomatos" type="Sprite" parent="rawtomato"]
position = Vector2( 85.3333, 32 )
texture = ExtResource( 20 )

[node name="plus4" type="Sprite" parent="."]
position = Vector2( 0, 40 )
texture = ExtResource( 6 )

[node name="equals4" type="Sprite" parent="."]
position = Vector2( 32, 40 )
texture = ExtResource( 7 )

[node name="choppedtomato" type="Sprite" parent="."]
position = Vector2( -16, 64 )
scale = Vector2( 0.75, 0.75 )
texture = ExtResource( 12 )

[node name="choppedtomato2" type="Sprite" parent="."]
position = Vector2( 48, 40 )
scale = Vector2( 0.75, 0.75 )
texture = ExtResource( 12 )

[node name="plus5" type="Sprite" parent="."]
position = Vector2( 0, 64 )
texture = ExtResource( 6 )

[node name="plus6" type="Sprite" parent="."]
position = Vector2( 92, -32 )
texture = ExtResource( 6 )

[node name="plus7" type="Sprite" parent="."]
position = Vector2( 92, -8 )
texture = ExtResource( 6 )

[node name="plus8" type="Sprite" parent="."]
position = Vector2( 92, 16 )
texture = ExtResource( 6 )

[node name="plus9" type="Sprite" parent="."]
position = Vector2( 92, 40 )
texture = ExtResource( 6 )

[node name="plus10" type="Sprite" parent="."]
position = Vector2( 92, 64 )
texture = ExtResource( 6 )

[node name="stove" type="Sprite" parent="."]
position = Vector2( 16, 64 )
scale = Vector2( 0.5, 0.5 )
texture = ExtResource( 5 )
hframes = 4

[node name="stove2" type="Sprite" parent="."]
position = Vector2( 108, 16 )
scale = Vector2( 0.5, 0.5 )
texture = ExtResource( 5 )
hframes = 4

[node name="stove3" type="Sprite" parent="."]
position = Vector2( 108, 40 )
scale = Vector2( 0.5, 0.5 )
texture = ExtResource( 5 )
hframes = 4

[node name="equals5" type="Sprite" parent="."]
position = Vector2( 32, 64 )
texture = ExtResource( 7 )

[node name="equals6" type="Sprite" parent="."]
position = Vector2( 124, -32 )
texture = ExtResource( 7 )

[node name="equals7" type="Sprite" parent="."]
position = Vector2( 124, -8 )
texture = ExtResource( 7 )

[node name="equals8" type="Sprite" parent="."]
position = Vector2( 124, 16 )
texture = ExtResource( 7 )

[node name="equals9" type="Sprite" parent="."]
position = Vector2( 124, 40 )
texture = ExtResource( 7 )

[node name="equals10" type="Sprite" parent="."]
position = Vector2( 124, 64 )
texture = ExtResource( 7 )

[node name="balllettuce" type="Sprite" parent="."]
position = Vector2( 76, -32 )
scale = Vector2( 0.75, 0.75 )
texture = ExtResource( 22 )

[node name="choppedlettuce" type="Sprite" parent="."]
position = Vector2( 140, -32 )
scale = Vector2( 0.75, 0.75 )
texture = ExtResource( 4 )

[node name="cookedchicken" type="Sprite" parent="."]
position = Vector2( 140, -7.99999 )
scale = Vector2( 0.75, 0.75 )
texture = ExtResource( 23 )

[node name="cookednoodles" type="Sprite" parent="."]
position = Vector2( 140, 16 )
scale = Vector2( 0.75, 0.75 )
texture = ExtResource( 15 )

[node name="cookedpatty" type="Sprite" parent="."]
position = Vector2( 140, 40 )
scale = Vector2( 0.75, 0.75 )
texture = ExtResource( 8 )

[node name="fish" type="Sprite" parent="."]
position = Vector2( 76, 64 )
scale = Vector2( 0.75, 0.75 )
texture = ExtResource( 16 )

[node name="friedfish" type="Sprite" parent="."]
position = Vector2( 140, 64 )
scale = Vector2( 0.75, 0.75 )
texture = ExtResource( 19 )

[node name="rawpatty" type="Sprite" parent="."]
position = Vector2( 76, 40 )
scale = Vector2( 0.75, 0.75 )
texture = ExtResource( 17 )

[node name="chicken" type="Sprite" parent="."]
position = Vector2( 76, -8 )
scale = Vector2( 0.75, 0.75 )
texture = ExtResource( 21 )

[node name="noodles" type="Sprite" parent="."]
position = Vector2( 76, 16 )
scale = Vector2( 0.75, 0.75 )
texture = ExtResource( 18 )

[node name="white" type="Sprite" parent="."]
modulate = Color( 0.411765, 0.411765, 0.411765, 0.647059 )
position = Vector2( 60, 16 )
scale = Vector2( 25, 16 )
z_index = -1
texture = ExtResource( 24 )
