[gd_scene load_steps=13 format=2]

[ext_resource path="res://assets/tiles/whitetile.png" type="Texture" id=1]
[ext_resource path="res://assets/tiles/purpletile.png" type="Texture" id=2]
[ext_resource path="res://assets/tiles/bluetile.png" type="Texture" id=4]
[ext_resource path="res://assets/tiles/cuttingboard.png" type="Texture" id=6]
[ext_resource path="res://assets/tiles/plate.png" type="Texture" id=7]
[ext_resource path="res://assets/tiles/conveyer.png" type="Texture" id=8]
[ext_resource path="res://assets/tiles/countertop.png" type="Texture" id=9]
[ext_resource path="res://assets/tiles/trashcan.png" type="Texture" id=10]
[ext_resource path="res://assets/tiles/wall.png" type="Texture" id=11]

[sub_resource type="RectangleShape2D" id=1]
extents = Vector2( 240, 16 )

[sub_resource type="RectangleShape2D" id=2]
extents = Vector2( 16, 144 )

[sub_resource type="RectangleShape2D" id=3]
extents = Vector2( 16, 16 )

[node name="Kitchen" type="Node2D"]
position = Vector2( -16, 48 )

[node name="Floor" type="Node2D" parent="."]

[node name="WhiteTile2" type="Sprite" parent="Floor"]
position = Vector2( -16, 64 )
texture = ExtResource( 1 )

[node name="WhiteTile3" type="Sprite" parent="Floor"]
position = Vector2( -48, 32 )
texture = ExtResource( 1 )

[node name="WhiteTile4" type="Sprite" parent="Floor"]
position = Vector2( -80, 64 )
texture = ExtResource( 1 )

[node name="WhiteTile5" type="Sprite" parent="Floor"]
position = Vector2( -112, 32 )
texture = ExtResource( 1 )

[node name="WhiteTile6" type="Sprite" parent="Floor"]
position = Vector2( -144, 64 )
texture = ExtResource( 1 )

[node name="WhiteTile7" type="Sprite" parent="Floor"]
position = Vector2( -176, 32 )
texture = ExtResource( 1 )

[node name="WhiteTile8" type="Sprite" parent="Floor"]
position = Vector2( -208, 64 )
texture = ExtResource( 1 )

[node name="WhiteTile9" type="Sprite" parent="Floor"]
position = Vector2( 208, 32 )
texture = ExtResource( 1 )

[node name="WhiteTile10" type="Sprite" parent="Floor"]
position = Vector2( 176, 64 )
texture = ExtResource( 1 )

[node name="WhiteTile11" type="Sprite" parent="Floor"]
position = Vector2( 144, 32 )
texture = ExtResource( 1 )

[node name="WhiteTile12" type="Sprite" parent="Floor"]
position = Vector2( 112, 64 )
texture = ExtResource( 1 )

[node name="WhiteTile13" type="Sprite" parent="Floor"]
position = Vector2( 80, 32 )
texture = ExtResource( 1 )

[node name="WhiteTile14" type="Sprite" parent="Floor"]
position = Vector2( 48, 64 )
texture = ExtResource( 1 )

[node name="WhiteTile18" type="Sprite" parent="Floor"]
position = Vector2( -16, 128 )
texture = ExtResource( 1 )

[node name="WhiteTile19" type="Sprite" parent="Floor"]
position = Vector2( -48, 96 )
texture = ExtResource( 1 )

[node name="WhiteTile20" type="Sprite" parent="Floor"]
position = Vector2( -80, 128 )
texture = ExtResource( 1 )

[node name="WhiteTile21" type="Sprite" parent="Floor"]
position = Vector2( -112, 96 )
texture = ExtResource( 1 )

[node name="WhiteTile22" type="Sprite" parent="Floor"]
position = Vector2( -144, 128 )
texture = ExtResource( 1 )

[node name="WhiteTile23" type="Sprite" parent="Floor"]
position = Vector2( -176, 96 )
texture = ExtResource( 1 )

[node name="WhiteTile24" type="Sprite" parent="Floor"]
position = Vector2( -208, 128 )
texture = ExtResource( 1 )

[node name="WhiteTile25" type="Sprite" parent="Floor"]
position = Vector2( 208, 96 )
texture = ExtResource( 1 )

[node name="WhiteTile26" type="Sprite" parent="Floor"]
position = Vector2( 176, 128 )
texture = ExtResource( 1 )

[node name="WhiteTile27" type="Sprite" parent="Floor"]
position = Vector2( 144, 96 )
texture = ExtResource( 1 )

[node name="WhiteTile28" type="Sprite" parent="Floor"]
position = Vector2( 112, 128 )
texture = ExtResource( 1 )

[node name="WhiteTile29" type="Sprite" parent="Floor"]
position = Vector2( 80, 96 )
texture = ExtResource( 1 )

[node name="WhiteTile30" type="Sprite" parent="Floor"]
position = Vector2( 48, 128 )
texture = ExtResource( 1 )

[node name="WhiteTile42" type="Sprite" parent="Floor"]
position = Vector2( -16, 192 )
texture = ExtResource( 1 )

[node name="WhiteTile43" type="Sprite" parent="Floor"]
position = Vector2( -48, 160 )
texture = ExtResource( 1 )

[node name="WhiteTile44" type="Sprite" parent="Floor"]
position = Vector2( -80, 192 )
texture = ExtResource( 1 )

[node name="WhiteTile45" type="Sprite" parent="Floor"]
position = Vector2( -112, 160 )
texture = ExtResource( 1 )

[node name="WhiteTile46" type="Sprite" parent="Floor"]
position = Vector2( -144, 192 )
texture = ExtResource( 1 )

[node name="WhiteTile47" type="Sprite" parent="Floor"]
position = Vector2( -176, 160 )
texture = ExtResource( 1 )

[node name="WhiteTile48" type="Sprite" parent="Floor"]
position = Vector2( -208, 192 )
texture = ExtResource( 1 )

[node name="WhiteTile49" type="Sprite" parent="Floor"]
position = Vector2( 208, 160 )
texture = ExtResource( 1 )

[node name="WhiteTile50" type="Sprite" parent="Floor"]
position = Vector2( 176, 192 )
texture = ExtResource( 1 )

[node name="WhiteTile15" type="Sprite" parent="Floor"]
position = Vector2( 240, 64 )
texture = ExtResource( 1 )

[node name="WhiteTile31" type="Sprite" parent="Floor"]
position = Vector2( 240, 128 )
texture = ExtResource( 1 )

[node name="WhiteTile55" type="Sprite" parent="Floor"]
position = Vector2( 240, 192 )
texture = ExtResource( 1 )

[node name="WhiteTile51" type="Sprite" parent="Floor"]
position = Vector2( 144, 160 )
texture = ExtResource( 1 )

[node name="WhiteTile52" type="Sprite" parent="Floor"]
position = Vector2( 112, 192 )
texture = ExtResource( 1 )

[node name="WhiteTile53" type="Sprite" parent="Floor"]
position = Vector2( 80, 160 )
texture = ExtResource( 1 )

[node name="WhiteTile54" type="Sprite" parent="Floor"]
position = Vector2( 48, 192 )
texture = ExtResource( 1 )

[node name="WhiteTile58" type="Sprite" parent="Floor"]
position = Vector2( -48, 224 )
texture = ExtResource( 1 )

[node name="WhiteTile59" type="Sprite" parent="Floor"]
position = Vector2( -112, 224 )
texture = ExtResource( 1 )

[node name="WhiteTile60" type="Sprite" parent="Floor"]
position = Vector2( -176, 224 )
texture = ExtResource( 1 )

[node name="WhiteTile61" type="Sprite" parent="Floor"]
position = Vector2( 208, 224 )
texture = ExtResource( 1 )

[node name="WhiteTile62" type="Sprite" parent="Floor"]
position = Vector2( 144, 224 )
texture = ExtResource( 1 )

[node name="WhiteTile63" type="Sprite" parent="Floor"]
position = Vector2( 80, 224 )
texture = ExtResource( 1 )

[node name="BlueTile" type="Sprite" parent="Floor"]
position = Vector2( -208, 32 )
texture = ExtResource( 4 )

[node name="BlueTile2" type="Sprite" parent="Floor"]
position = Vector2( -144, 32 )
texture = ExtResource( 4 )

[node name="BlueTile3" type="Sprite" parent="Floor"]
position = Vector2( -80, 32 )
texture = ExtResource( 4 )

[node name="BlueTile4" type="Sprite" parent="Floor"]
position = Vector2( -16, 32 )
texture = ExtResource( 4 )

[node name="BlueTile5" type="Sprite" parent="Floor"]
position = Vector2( -48, 64 )
texture = ExtResource( 4 )

[node name="BlueTile6" type="Sprite" parent="Floor"]
position = Vector2( -112, 64 )
texture = ExtResource( 4 )

[node name="BlueTile7" type="Sprite" parent="Floor"]
position = Vector2( -176, 64 )
texture = ExtResource( 4 )

[node name="BlueTile8" type="Sprite" parent="Floor"]
position = Vector2( -208, 96 )
texture = ExtResource( 4 )

[node name="BlueTile9" type="Sprite" parent="Floor"]
position = Vector2( -144, 96 )
texture = ExtResource( 4 )

[node name="BlueTile10" type="Sprite" parent="Floor"]
position = Vector2( -80, 96 )
texture = ExtResource( 4 )

[node name="BlueTile11" type="Sprite" parent="Floor"]
position = Vector2( -16, 96 )
texture = ExtResource( 4 )

[node name="BlueTile12" type="Sprite" parent="Floor"]
position = Vector2( -48, 128 )
texture = ExtResource( 4 )

[node name="BlueTile13" type="Sprite" parent="Floor"]
position = Vector2( -112, 128 )
texture = ExtResource( 4 )

[node name="BlueTile14" type="Sprite" parent="Floor"]
position = Vector2( -176, 128 )
texture = ExtResource( 4 )

[node name="BlueTile15" type="Sprite" parent="Floor"]
position = Vector2( -208, 160 )
texture = ExtResource( 4 )

[node name="BlueTile16" type="Sprite" parent="Floor"]
position = Vector2( -144, 160 )
texture = ExtResource( 4 )

[node name="BlueTile17" type="Sprite" parent="Floor"]
position = Vector2( -80, 160 )
texture = ExtResource( 4 )

[node name="BlueTile18" type="Sprite" parent="Floor"]
position = Vector2( -16, 160 )
texture = ExtResource( 4 )

[node name="BlueTile19" type="Sprite" parent="Floor"]
position = Vector2( -48, 192 )
texture = ExtResource( 4 )

[node name="BlueTile20" type="Sprite" parent="Floor"]
position = Vector2( -112, 192 )
texture = ExtResource( 4 )

[node name="BlueTile21" type="Sprite" parent="Floor"]
position = Vector2( -176, 192 )
texture = ExtResource( 4 )

[node name="BlueTile22" type="Sprite" parent="Floor"]
position = Vector2( -208, 224 )
texture = ExtResource( 4 )

[node name="BlueTile23" type="Sprite" parent="Floor"]
position = Vector2( -144, 224 )
texture = ExtResource( 4 )

[node name="BlueTile24" type="Sprite" parent="Floor"]
position = Vector2( -80, 224 )
texture = ExtResource( 4 )

[node name="BlueTile25" type="Sprite" parent="Floor"]
position = Vector2( -16, 224 )
texture = ExtResource( 4 )

[node name="PurpleTile" type="Sprite" parent="Floor"]
position = Vector2( 48, 32 )
texture = ExtResource( 2 )

[node name="PurpleTile2" type="Sprite" parent="Floor"]
position = Vector2( 112, 32 )
texture = ExtResource( 2 )

[node name="PurpleTile3" type="Sprite" parent="Floor"]
position = Vector2( 176, 32 )
texture = ExtResource( 2 )

[node name="PurpleTile4" type="Sprite" parent="Floor"]
position = Vector2( 240, 32 )
texture = ExtResource( 2 )

[node name="PurpleTile5" type="Sprite" parent="Floor"]
position = Vector2( 208, 64 )
texture = ExtResource( 2 )

[node name="PurpleTile6" type="Sprite" parent="Floor"]
position = Vector2( 144, 64 )
texture = ExtResource( 2 )

[node name="PurpleTile7" type="Sprite" parent="Floor"]
position = Vector2( 80, 64 )
texture = ExtResource( 2 )

[node name="PurpleTile8" type="Sprite" parent="Floor"]
position = Vector2( 48, 96 )
texture = ExtResource( 2 )

[node name="PurpleTile9" type="Sprite" parent="Floor"]
position = Vector2( 112, 96 )
texture = ExtResource( 2 )

[node name="PurpleTile10" type="Sprite" parent="Floor"]
position = Vector2( 176, 96 )
texture = ExtResource( 2 )

[node name="PurpleTile11" type="Sprite" parent="Floor"]
position = Vector2( 240, 96 )
texture = ExtResource( 2 )

[node name="PurpleTile12" type="Sprite" parent="Floor"]
position = Vector2( 208, 128 )
texture = ExtResource( 2 )

[node name="PurpleTile13" type="Sprite" parent="Floor"]
position = Vector2( 144, 128 )
texture = ExtResource( 2 )

[node name="PurpleTile14" type="Sprite" parent="Floor"]
position = Vector2( 80, 128 )
texture = ExtResource( 2 )

[node name="PurpleTile15" type="Sprite" parent="Floor"]
position = Vector2( 48, 160 )
texture = ExtResource( 2 )

[node name="PurpleTile16" type="Sprite" parent="Floor"]
position = Vector2( 112, 160 )
texture = ExtResource( 2 )

[node name="PurpleTile17" type="Sprite" parent="Floor"]
position = Vector2( 176, 160 )
texture = ExtResource( 2 )

[node name="PurpleTile18" type="Sprite" parent="Floor"]
position = Vector2( 240, 160 )
texture = ExtResource( 2 )

[node name="PurpleTile19" type="Sprite" parent="Floor"]
position = Vector2( 208, 192 )
texture = ExtResource( 2 )

[node name="PurpleTile20" type="Sprite" parent="Floor"]
position = Vector2( 144, 192 )
texture = ExtResource( 2 )

[node name="PurpleTile21" type="Sprite" parent="Floor"]
position = Vector2( 80, 192 )
texture = ExtResource( 2 )

[node name="PurpleTile22" type="Sprite" parent="Floor"]
position = Vector2( 48, 224 )
texture = ExtResource( 2 )

[node name="PurpleTile23" type="Sprite" parent="Floor"]
position = Vector2( 112, 224 )
texture = ExtResource( 2 )

[node name="PurpleTile24" type="Sprite" parent="Floor"]
position = Vector2( 176, 224 )
texture = ExtResource( 2 )

[node name="PurpleTile25" type="Sprite" parent="Floor"]
position = Vector2( 240, 224 )
texture = ExtResource( 2 )

[node name="LeftKitchen" type="Node2D" parent="."]

[node name="CuttingBoard2" type="Sprite" parent="LeftKitchen"]
position = Vector2( -176, 32 )
rotation = 1.5708
texture = ExtResource( 6 )

[node name="CuttingBoard3" type="Sprite" parent="LeftKitchen"]
position = Vector2( -144, 32 )
rotation = 1.5708
texture = ExtResource( 6 )

[node name="CuttingBoard4" type="Sprite" parent="LeftKitchen"]
position = Vector2( -112, 32 )
rotation = 1.5708
texture = ExtResource( 6 )

[node name="Countertop" type="Sprite" parent="LeftKitchen"]
position = Vector2( -208, 32 )
rotation = 1.5708
texture = ExtResource( 9 )

[node name="Plate" type="Sprite" parent="LeftKitchen"]
position = Vector2( -80, 32 )
rotation = 1.5708
texture = ExtResource( 7 )

[node name="Plate2" type="Sprite" parent="LeftKitchen"]
position = Vector2( -48, 32 )
rotation = 1.5708
texture = ExtResource( 7 )

[node name="Plate3" type="Sprite" parent="LeftKitchen"]
position = Vector2( -16, 32 )
rotation = 1.5708
texture = ExtResource( 7 )

[node name="Trashcan" type="Sprite" parent="LeftKitchen"]
position = Vector2( -16, 224 )
texture = ExtResource( 10 )

[node name="RightKitchen" type="Node2D" parent="."]
position = Vector2( 32, 0 )
scale = Vector2( -1, 1 )

[node name="CuttingBoard2" type="Sprite" parent="RightKitchen"]
position = Vector2( -176, 32 )
rotation = 1.5708
texture = ExtResource( 6 )

[node name="CuttingBoard3" type="Sprite" parent="RightKitchen"]
position = Vector2( -144, 32 )
rotation = 1.5708
texture = ExtResource( 6 )

[node name="CuttingBoard4" type="Sprite" parent="RightKitchen"]
position = Vector2( -112, 32 )
rotation = 1.5708
texture = ExtResource( 6 )

[node name="Countertop" type="Sprite" parent="RightKitchen"]
position = Vector2( -208, 32 )
rotation = 1.5708
texture = ExtResource( 9 )

[node name="Plate" type="Sprite" parent="RightKitchen"]
position = Vector2( -80, 32 )
rotation = 1.5708
texture = ExtResource( 7 )

[node name="Plate2" type="Sprite" parent="RightKitchen"]
position = Vector2( -48, 32 )
rotation = 1.5708
texture = ExtResource( 7 )

[node name="Plate3" type="Sprite" parent="RightKitchen"]
position = Vector2( -16, 32 )
rotation = 1.5708
texture = ExtResource( 7 )

[node name="Trashcan2" type="Sprite" parent="RightKitchen"]
position = Vector2( -16, 224 )
rotation = 3.14159
scale = Vector2( 1, -1 )
texture = ExtResource( 10 )

[node name="Conveyer" type="Node2D" parent="."]

[node name="Conveyer" type="Sprite" parent="Conveyer"]
position = Vector2( 16, 224 )
texture = ExtResource( 8 )

[node name="Conveyer2" type="Sprite" parent="Conveyer"]
position = Vector2( 16, 192 )
texture = ExtResource( 8 )

[node name="Conveyer3" type="Sprite" parent="Conveyer"]
position = Vector2( 16, 160 )
texture = ExtResource( 8 )

[node name="Conveyer4" type="Sprite" parent="Conveyer"]
position = Vector2( 16, 128 )
texture = ExtResource( 8 )

[node name="Conveyer5" type="Sprite" parent="Conveyer"]
position = Vector2( 16, 96 )
texture = ExtResource( 8 )

[node name="Conveyer6" type="Sprite" parent="Conveyer"]
position = Vector2( 16, 64 )
texture = ExtResource( 8 )

[node name="Conveyer7" type="Sprite" parent="Conveyer"]
position = Vector2( 16, 32 )
texture = ExtResource( 8 )

[node name="StaticBody2D" type="StaticBody2D" parent="."]

[node name="CollisionShape2D" type="CollisionShape2D" parent="StaticBody2D"]
position = Vector2( 16, 256 )
shape = SubResource( 1 )

[node name="CollisionShape2D5" type="CollisionShape2D" parent="StaticBody2D"]
position = Vector2( 16, 32 )
shape = SubResource( 1 )

[node name="CollisionShape2D2" type="CollisionShape2D" parent="StaticBody2D"]
position = Vector2( 240, 128 )
shape = SubResource( 2 )

[node name="CollisionShape2D3" type="CollisionShape2D" parent="StaticBody2D"]
position = Vector2( -208, 128 )
shape = SubResource( 2 )

[node name="CollisionShape2D4" type="CollisionShape2D" parent="StaticBody2D"]
position = Vector2( 16, 128 )
shape = SubResource( 2 )

[node name="CollisionShape2D6" type="CollisionShape2D" parent="StaticBody2D"]
position = Vector2( -16, 224 )
shape = SubResource( 3 )

[node name="CollisionShape2D7" type="CollisionShape2D" parent="StaticBody2D"]
position = Vector2( 48, 224 )
shape = SubResource( 3 )

[node name="wall" type="Sprite" parent="."]
position = Vector2( -232, 128 )
texture = ExtResource( 11 )

[node name="wall2" type="Sprite" parent="."]
position = Vector2( 264, 128 )
texture = ExtResource( 11 )
